@comment{x-kbibtex-personnameformatting=<%l><, %f>}


@misc{stat1,
	title = "{Introduction à la statistique. \url{http://www.epivf.fr/fun_cours_statistiques.html}}"
}

@misc{canu1,
	title = "{Cours, L’analyse en Composantes principales, STPI2.}"
}

@book{peter93,
  author    = {Peter Babington}, 
  title     = {The title of the work},
  publisher = {The name of the publisher},
  year      = 1993,
  volume    = 4,
  series    = 10,
  address   = {The address},
  edition   = 3,
  month     = 7,
  note      = {An optional note},
  isbn      = {3257227892}
}

